<?xml version="1.0" encoding="UTF-8"?><collection><record><leader>03447ntm a2200373 a 4500</leader><controlfield tag="001">002641729</controlfield><controlfield tag="003">MiAaHDL</controlfield><controlfield tag="005">20190719000000.0</controlfield><controlfield tag="006">m        d        </controlfield><controlfield tag="007">cr bn ---auaua</controlfield><controlfield tag="008">930712i18921896xx            00| | ara d</controlfield><datafield tag="035" ind1=" " ind2=" "><subfield code="a">(MiU)002641729</subfield></datafield><datafield tag="035" ind1=" " ind2=" "><subfield code="a">sdr-miu002641729</subfield></datafield><datafield tag="035" ind1=" " ind2=" "><subfield code="a">(OCoLC)34366766</subfield></datafield><datafield tag="035" ind1=" " ind2=" "><subfield code="a">(RLIN)MIUH93-A199</subfield></datafield><datafield tag="040" ind1=" " ind2=" "><subfield code="a">MiU</subfield><subfield code="c">MiU</subfield><subfield code="e">appm</subfield></datafield><datafield tag="245" ind1="0" ind2="0"><subfield code="6">880-01</subfield><subfield code="a">Koran :</subfield><subfield code="k">manuscript,</subfield><subfield code="f">[1892-1896].</subfield></datafield><datafield tag="260" ind1=" " ind2=" "><subfield code="c">[1892-1896].</subfield></datafield><datafield tag="300" ind1=" " ind2=" "><subfield code="a">1</subfield><subfield code="f">v. ([546] p.) ;</subfield><subfield code="c">24 cm.</subfield></datafield><datafield tag="500" ind1=" " ind2=" "><subfield code="a">blue paper endpapers; red leather binding and slipcase stamped and painted in gold and silver.</subfield></datafield><datafield tag="500" ind1=" " ind2=" "><subfield code="a">Illumination on pp. [1-2]; chapter headings and colophons illuminated; verse endings marked with illuminated rosettes, each different; text enclosed in gold borders; illuminated rosettes in margins mark end of each juzʼ (1/30th); marginal indications in red for sixtieths (ḥizb or niṣf juzʼ) and 120ths (niṣf ḥizb) of text; rubricated marginal commentaries in hand of Muḥammad Khalūṣī; tables and closing discourse are rubricated and enclosed in golded borders; vol. edges gilded and painted; gilded</subfield></datafield><datafield tag="500" ind1=" " ind2=" "><subfield code="a">[i.e. 1895 or 6]; name of copyist of terminal discourse in colophon on p. [545]: sawwadahu Muḥammad Khalūṣī min tilmīdh al-maʻrūf bi-al-ḥājj Muḥammad Shawqī ... fī Muḥarram sanat 1310 [i.e. July-August 1892].</subfield></datafield><datafield tag="500" ind1=" " ind2=" "><subfield code="a">Date of copying and copyist's name in colophon on p. [502]: sawwdahu kathīr al-musāwī ... Būrdūrī al-faqīr al-ḥaqīr Nūrī ʻUthmān al-mushtahar al-ḥāfiẓ al-Qurʼān bi-Qāyish Zādah rāqiman ʻalá mā wāfaqa muṣḥaf al-sharīf ithnā wa-miʼah ... qad waqaʻa al-farāgh fī awākhir shahr Dhī al-Ḥijjah li-sanat tisʻa wa-thalāthamiʼah wa-alf [i.e. July 1892]; date of gilding and gilder's name at bottom of colophon: dhahhabahu al-ḥājj Aḥmad min tilmīdh al-ḥājj Ḥasan[?] sanat 1313</subfield></datafield><datafield tag="510" ind1="4" ind2=" "><subfield code="a">Zakariya, Mohamed. "Islamic calligraphy: A technical overview." In Brocade of the pen: the art of Islamic writing. Carol Garrett Fisher, ed. (East Lansing, MI: Kresge Art Museum, Michigan State University, 1991):</subfield><subfield code="c">1-17</subfield></datafield><datafield tag="510" ind1="4" ind2=" "><subfield code="a">Brocade of the pen : the art of Islamic writing. Carol Garrett Fisher, ed. (East Lansing, MI: Kresge Art Museum, Michigan State University, 1991),</subfield><subfield code="c">no.14, p.84</subfield></datafield><datafield tag="520" ind1=" " ind2=" "><subfield code="a">marginal notes/ examined by M. Zacharia 8/24/89."</subfield></datafield><datafield tag="520" ind1=" " ind2=" "><subfield code="a">"With marginal notes, excerpted from many sources, on textual variants, division of the text into verses, liturgical pronunciation etc.; a closing prayer [pp. 503-505]; tables showing the relationship of the Ten Readers (ḳurrāʼ), the Twenty Reciters (ruwāt), [and the Eighty Brotherhoods (ṭuruq), pp. [506-508], an explanatory discourse by the writer of the marginal notes [pp. 509-545]. Cataloging by William Hoyt Worrell, 1925. Researcher's note: "Calligraphic masterpiece/unique gilding/interesting</subfield></datafield><datafield tag="538" ind1=" " ind2=" "><subfield code="a">Mode of access: Internet.</subfield></datafield><datafield tag="541" ind1=" " ind2=" "><subfield code="d">1924</subfield><subfield code="3">Manuscript</subfield><subfield code="a">Anonymous</subfield><subfield code="c">Purchase, 1924</subfield><subfield code="h">$50.00</subfield></datafield><datafield tag="561" ind1=" " ind2=" "><subfield code="a">Purchased in Cairo, 1924. Once part of the personal manuscript collection of Sultan Abdülhamid II of Turkey.</subfield></datafield><datafield tag="650" ind1=" " ind2="0"><subfield code="a">Manuscripts, Arabic</subfield><subfield code="z">Michigan</subfield><subfield code="z">Ann Arbor.</subfield></datafield><datafield tag="700" ind1="0" ind2=" "><subfield code="a">Abdülhamid</subfield><subfield code="b">II,</subfield><subfield code="c">Sultan of the Turks,</subfield><subfield code="d">1842-1918,</subfield><subfield code="e">former owner.</subfield></datafield><datafield tag="773" ind1="0" ind2=" "><subfield code="a">Abdul Hamid Collection.</subfield><subfield code="7">unbc</subfield><subfield code="w">(CStRLIN)MIUH92-A187.</subfield></datafield><datafield tag="880" ind1="0" ind2="2"><subfield code="6">245-01/</subfield><subfield code="a">القرآن :</subfield><subfield code="k">manuscript،</subfield><subfield code="f">[1892-1896].</subfield></datafield><datafield tag="CID" ind1=" " ind2=" "><subfield code="a">002641729</subfield></datafield><datafield tag="DAT" ind1="0" ind2=" "><subfield code="a">20190719102633.0</subfield><subfield code="b">20190719000000.0</subfield></datafield><datafield tag="DAT" ind1="1" ind2=" "><subfield code="a">20190719090653.0</subfield><subfield code="b">2019-07-19T16:10:48Z</subfield></datafield><datafield tag="DAT" ind1="2" ind2=" "><subfield code="a">2016-07-30T18:00:02Z</subfield><subfield code="b">2014-04-23T20:00:03Z</subfield></datafield><datafield tag="CAT" ind1=" " ind2=" "><subfield code="a">SDR-MIU</subfield><subfield code="d">EX LIBRIS - ALEPH</subfield><subfield code="l">prepare.pl-004-008</subfield></datafield><datafield tag="FMT" ind1=" " ind2=" "><subfield code="a">BK</subfield></datafield><datafield tag="HOL" ind1=" " ind2=" "><subfield code="0">sdr-miu002641729</subfield><subfield code="a">MiU</subfield><subfield code="b">SDR</subfield><subfield code="c">MIU</subfield><subfield code="p">mdp.39015081445978</subfield><subfield code="s">MIU</subfield><subfield code="1">002641729</subfield></datafield><datafield tag="974" ind1=" " ind2=" "><subfield code="b">MIU</subfield><subfield code="c">MIU</subfield><subfield code="d">20190719</subfield><subfield code="s">lit-dlps-dc</subfield><subfield code="u">mdp.39015081445978</subfield><subfield code="y">1896</subfield><subfield code="r">pd</subfield><subfield code="q">add</subfield></datafield></record></collection>